<?xml version="1.0" encoding="UTF-8"?><collection xmlns="http://www.loc.gov/MARC21/slim"><record><leader>00418nam--2200133-i-4500</leader><controlfield tag="001">000011326</controlfield><controlfield tag="002">20161230</controlfield><controlfield tag="005">20161230201029</controlfield><controlfield tag="008">060222s1000------------r-----000-0-eng-d</controlfield><datafield ind1=" " ind2=" " tag="080"><subfield code="a">541.63(043)</subfield></datafield><datafield ind1=" " ind2=" " tag="100"><subfield code="a">Chadwick,Thomas Carl</subfield></datafield><datafield ind1=" " ind2=" " tag="245"><subfield code="a">The kinetics and stereochemistry of electro- cyclic ring cleavage of some 2h-physans.thesis</subfield></datafield><datafield ind1=" " ind2=" " tag="260"><subfield code="a">Ann Arbor,Michigan,University Microfilms Co., 1972. 119 P</subfield></datafield><datafield ind1=" " ind2=" " tag="852"><subfield code="a">42017</subfield></datafield></record></collection>